<?xml version="1.0" encoding="UTF-8"?><collection xmlns="http://www.loc.gov/MARC21/slim"><record><leader>00509nam--2200145-i-4500</leader><controlfield tag="001">000027600</controlfield><controlfield tag="002">20161230</controlfield><controlfield tag="005">20161230201036</controlfield><controlfield tag="008">060222s1000------------r-----000-0-eng-d</controlfield><datafield ind1=" " ind2=" " tag="080"><subfield code="a">533.3.082.74</subfield></datafield><datafield ind1=" " ind2=" " tag="100"><subfield code="a">Krause, F., Radler K.H., Steenbeck, M</subfield></datafield><datafield ind1=" " ind2=" " tag="245"><subfield code="a">Elektrodynamische eigenschaften turbulenter plasmen</subfield></datafield><datafield ind1=" " ind2=" " tag="260"><subfield code="a">Berlin, Akademie-verlag, 1963, 25p., 11 Fig</subfield></datafield><datafield ind1=" " ind2=" " tag="490"><subfield code="a">Sitzungsberichte Der Deutschen Akademie Der Wissenschaften Zu Berlin. Klasse Fur Mathematik, Physik Und Technik</subfield></datafield><datafield ind1=" " ind2=" " tag="852"><subfield code="a">9180</subfield></datafield></record></collection>